@article{1,
  title = {Inhomogeneous Electron Gas},
  author = {Hohenberg, P. and Kohn, W.},
  journal = {Phys. Rev.},
  volume = {136},
  issue = {3B},
  pages = {B864--B871},
  year = {1964},
  month = {Nov},
  doi = {10.1103/PhysRev.136.B864},
  url = {http://link.aps.org/doi/10.1103/PhysRev.136.B864},
  publisher = {American Physical Society}
}

@book{2,
  title={Electrochemical Methods: Fundamentals and Applications},
  author={Bard, A.J. and Faulkner, L.R.},
  isbn={9780471043720},
  lccn={00038210},
  url={http://books.google.com/books?id=kv56QgAACAAJ},
  year={2000},
  publisher={Wiley}
}

@book{3,
title = {Producción y Caracterización de Nuevos Materiales (tesis de maestría)},
author = {K. Martinez},
year = {2015},
publisher = {Bogotá, Departamento de Física, Facultad de Ciencias, Universidad Nacional de Colombia},
pages = {98},
url = {http://link.aip.org/link/?JVB/14/1010/1},
}

@article{4,
  title = {Optical Scanning Holography With Matlab },
  author = {Poon, T. },
  journal = {Springer},
  volume = {En prensa},
  issue = {},
  pages = {},
  year = {2017},
  month = {},
  doi = {},
  url = {},
  publisher = {}
}

@INPROCEEDINGS {5,
    AUTHOR = { Pabón, J. D. and Hurtado, G.},
    TITLE = {La variabilidad y el cambio climático y su efecto en los biomas de páramo },
    BOOKTITLE = {Memorias del Congreso Mundial de Páramos},
    LOCATION = {Bogotá, Colombia},
    YEAR = { 2002 },
    pages={98},
    URL={http://www.lablaa.org/blaavirtual/geografia/congresoparamo/cambio-climatico.htm},
    MYCAT = { conference }
}



@BOOKLET {6,
author = {NASA},
title = {Status of the Ozone Hole 2016. http://toms.gsfc.nasa.gov/ozone/ozone.html},
month = {acceso 10-11-2016},
year = {2016},
url = {http://toms.gsfc.nasa.gov/ozone/ozone.html}
}
